@article{aker1998two,
  title={A two-dimensional network simulator for two-phase flow in porous media},
  author={Aker, Eyvind and J{\O}rgen M{\AA}l{\O}y, Knut and Hansen, Alex and Batrouni, G George},
  journal={Transport in porous media},
  volume={32},
  pages={163--186},
  year={1998},
  publisher={Springer}
}


@article{raoof2010new,
  title={A new method for generating pore-network models of porous media},
  author={Raoof, Amir and Hassanizadeh, S Majid},
  journal={Transport in porous media},
  volume={81},
  pages={391--407},
  year={2010},
  publisher={Springer}
}


@article{sinha2017effective,
  title={Effective rheology of two-phase flow in three-dimensional porous media: experiment and simulation},
  author={Sinha, Santanu and Bender, Andrew T and Danczyk, Matthew and Keepseagle, Kayla and Prather, Cody A and Bray, Joshua M and Thrane, Linn W and Seymour, Joseph D and Codd, Sarah L and Hansen, Alex},
  journal={Transport in porous media},
  volume={119},
  pages={77--94},
  year={2017},
  publisher={Springer}
}


@article{fatt1956network,
  title={The network model of porous media. 3. Dynamic properties of networks with tube radius distribution},
  author={Fatt, I},
  journal={Transactions of the American institute of mining and metallurgical engineers},
  volume={207},
  number={7},
  pages={164--181},
  year={1956},
  publisher={MINERALS METALS MATERIALS SOC 420 COMMONWEALTH DR, WARRENDALE, PA 15086}
}


@article{uhlmann2005immersed,
	title={An immersed boundary method with direct forcing for the simulation of particulate flows},
	author={Uhlmann, Markus},
	journal={Journal of computational physics},
	volume={209},
	number={2},
	pages={448--476},
	year={2005},
	publisher={Elsevier}
}

@article{hassanizadeh1990mechanics,
  title={Mechanics and thermodynamics of multiphase flow in porous media including interphase boundaries},
  author={Hassanizadeh, S Majid and Gray, William G},
  journal={Advances in water resources},
  volume={13},
  number={4},
  pages={169--186},
  year={1990},
  publisher={Elsevier}
}


@article{hassanizadeh1993thermodynamic,
  title={Thermodynamic basis of capillary pressure in porous media},
  author={Hassanizadeh, S Majid and Gray, William G},
  journal={Water resources research},
  volume={29},
  number={10},
  pages={3389--3405},
  year={1993},
  publisher={Wiley Online Library}
}


@article{hassanizadeh2002dynamic,
  title={Dynamic effect in the capillary pressure--saturation relationship and its impacts on unsaturated flow},
  author={Hassanizadeh, S Majid and Celia, Michael A and Dahle, Helge K},
  journal={Vadose Zone Journal},
  volume={1},
  number={1},
  pages={38--57},
  year={2002},
  publisher={Soil Science Society of America}
}


@article{joekar2010non,
  title={Non-equilibrium effects in capillarity and interfacial area in two-phase flow: dynamic pore-network modelling},
  author={Joekar-Niasar, V and Hassanizadeh, S Majid and Dahle, HK},
  journal={Journal of fluid mechanics},
  volume={655},
  pages={38--71},
  year={2010},
  publisher={Cambridge University Press}
}


@article{kondaurov2009non,
  title={A non-equilibrium model of a porous medium saturated with immiscible fluids},
  author={Kondaurov, VI},
  journal={Journal of Applied Mathematics and Mechanics},
  volume={73},
  number={1},
  pages={88--102},
  year={2009},
  publisher={Elsevier}
}



@article{konyukhov2019homogenized,
  title={The homogenized Kondaurov type non-equilibrium model of two-phase flow in multiscale non-homogeneous media},
  author={Konyukhov, Andrey and Pankratov, Leonid and Voloshin, Anton},
  journal={Physica Scripta},
  volume={94},
  number={5},
  pages={054002},
  year={2019},
  publisher={IOP Publishing}
}


@article{tryggvason2001front,
	title={A front-tracking method for the computations of multiphase flow},
	author={Tryggvason, Gr{\'e}tar and Bunner, Bernard and Esmaeeli, Asghar and Juric, Damir and Al-Rawahi, N and Tauber, W and Han, J and Nas, S and Jan, Y-J},
	journal={Journal of computational physics},
	volume={169},
	number={2},
	pages={708--759},
	year={2001},
	publisher={Elsevier}
}


@book{pope2000turbulent,
	title={Turbulent flows},
	author={Pope, Stephen B and Pope, Stephen B},
	year={2000},
	publisher={Cambridge university press}
}


@inproceedings{yudistiawan2009higher,
	title={Higher Order Galilean Invariant Lattice Boltzmann Model},
	author={Yudistiawan, Wahyu Perdana and Kwak, Sang Kyu and Ansumali, Santosh},
	booktitle={The 6th International Conference for Mesoscopic Methods in Engineering and Science},
	pages={28},
	year={2009}
}


@book{tropea2007springer,
	title={Springer handbook of experimental fluid mechanics},
	author={Tropea, Cameron and Yarin, Alexander L and Foss, John F and others},
	volume={1},
	year={2007},
	publisher={Springer}
}


@article{aidun2010lattice,
	title={Lattice-Boltzmann method for complex flows},
	author={Aidun, Cyrus K and Clausen, Jonathan R},
	journal={Annual review of fluid mechanics},
	volume={42},
	pages={439--472},
	year={2010},
	publisher={Annual Reviews}
}


@article{chen1998lattice,
	title={Lattice Boltzmann method for fluid flows},
	author={Chen, Shiyi and Doolen, Gary D},
	journal={Annual review of fluid mechanics},
	volume={30},
	number={1},
	pages={329--364},
	year={1998},
	publisher={Annual Reviews 4139 El Camino Way, PO Box 10139, Palo Alto, CA 94303-0139, USA}
}


@article{valvatne2004predictive,
	title={Predictive pore-scale modeling of two-phase flow in mixed wet media},
	author={Valvatne, Per H and Blunt, Martin J},
	journal={Water resources research},
	volume={40},
	number={7},
	year={2004},
	publisher={Wiley Online Library}
}


@book{gong2021dynamic,
	title={Dynamic Pore Network Modeling of Two-Phase Flow and Solute Transport in Disordered Porous Media and Rough-Walled Fractures},
	author={Gong, Yanbin},
	year={2021},
	publisher={University of Wyoming}
}


@book{rabbani2018pore,
	title={Pore-scale investigation of wettability effects on two-phase flow in porous media},
	author={Rabbani, Harris Sajjad},
	year={2018},
	publisher={The University of Manchester (United Kingdom)}
}

 
 @article{washburn1921dynamics,
	title={The dynamics of capillary flow},
	author={Washburn, Edward W},
	journal={Physical review},
	volume={17},
	number={3},
	pages={273},
	year={1921},
	publisher={APS}
}

@article{barenblatt2003mathematical,
	title={The mathematical model of nonequilibrium effects in water-oil displacement},
	author={Barenblatt, GI and Patzek, TW and Silin, DB},
	journal={SPE journal},
	volume={8},
	number={04},
	pages={409--416},
	year={2003},
	publisher={SPE}
}

@article{chen1985pore,
	title={Pore-scale viscous fingering in porous media},
	author={Chen, Jing-Den and Wilkinson, David},
	journal={Physical review letters},
	volume={55},
	number={18},
	pages={1892},
	year={1985},
	publisher={APS}
}

@article{king1987fractal,
	title={The fractal nature of viscous fingering in porous media},
	author={King, PR},
	journal={Journal of Physics A: Mathematical and General},
	volume={20},
	number={8},
	pages={L529},
	year={1987},
	publisher={IOP Publishing}
}

@article{hubbert1956darcy,
  title={Darcy's law and the field equations of the flow of underground fluids},
  author={Hubbert, M King},
  journal={Transactions of the AIME},
  volume={207},
  number={01},
  pages={222--239},
  year={1956},
  publisher={SPE}
}

@article{labed2012experimental,
  title={Experimental study of two-phase flow in porous media with measurement of relative permeability},
  author={Labed, N and Bennamoun, L and Fohr, JP},
  journal={Fluid Dyn. Mater. Process},
  volume={8},
  number={4},
  pages={423--436},
  year={2012},
  publisher={Citeseer}
}

@article{bravo2008analysis,
  title={Analysis of the unconventional behavior of oil relative permeability during depletion tests of gas-saturated heavy oils},
  author={Bravo, Maria C and Araujo, Mariela},
  journal={International journal of multiphase flow},
  volume={34},
  number={5},
  pages={447--460},
  year={2008},
  publisher={Elsevier}
}

@article{hassanizadeh2004continuum,
  title={Continuum description of thermodynamic processes in porous media: Fundamentals and applications},
  author={Hassanizadeh, S Majid},
  journal={Modeling Coupled Phenomena in Saturated Porous Materials},
  pages={179--223},
  year={2004}
}

@article{barenblatt1960basic,
  title={Basic concepts in the theory of seepage of homogeneous liquids in fissured rocks [strata]},
  author={Barenblatt, Grigory I and Zheltov, Iu P and Kochina, IN},
  journal={Journal of applied mathematics and mechanics},
  volume={24},
  number={5},
  pages={1286--1303},
  year={1960},
  publisher={Pergamon}
}

@article{hassanizadeh1987high,
  title={High velocity flow in porous media},
  author={Hassanizadeh, S Majid and Gray, William G},
  journal={Transport in porous media},
  volume={2},
  pages={521--531},
  year={1987},
  publisher={Springer}
}

@article{kondaurov2007thermodynamically,
  title={The thermodynamically consistent equations of a thermoelastic saturated porous medium},
  author={Kondaurov, VI},
  journal={Journal of applied mathematics and mechanics},
  volume={71},
  number={4},
  pages={562--579},
  year={2007},
  publisher={Elsevier}
}

@article{su2012insights,
  title={Insights into hierarchically structured porous materials: from nanoscience to catalysis, separation, optics, energy, and life science},
  author={Su, Bao-Lian and Sanchez, Cl{\'e}ment and Yang, Xiao-Yu},
  journal={Hierarchically Structured Porous Materials},
  pages={1--27},
  year={2012},
  publisher={Wiley Online Library}
}

@book{darcy1856fontaines,
  title={Les fontaines publiques de Dijon},
  author={Darcy, Henry},
  year={1856}
}


@article{sutera1993history,
  title={The history of Poiseuille's law},
  author={Sutera, Salvatore P and Skalak, Richard},
  journal={Annual review of fluid mechanics},
  volume={25},
  number={1},
  pages={1--20},
  year={1993},
  publisher={Annual Reviews 4139 El Camino Way, PO Box 10139, Palo Alto, CA 94303-0139, USA}
}


@book{farebrother2018linear,
  title={Linear least squares computations},
  author={Farebrother, Richard William},
  year={2018},
  publisher={Routledge}
}


